<record><leader>00000cas a22000007a 4500</leader><controlfield tag="001">15129684</controlfield><controlfield tag="008">870129d1915191ualudn ne      0    0eng d</controlfield><datafield ind1=" " ind2=" " tag="010"><subfield code="a">sn 87050034 </subfield></datafield><datafield ind1=" " ind2=" " tag="040"><subfield code="a">AAR</subfield><subfield code="b">eng</subfield><subfield code="c">AAR</subfield><subfield code="d">CPN</subfield><subfield code="d">OCLCQ</subfield></datafield><datafield ind1=" " ind2=" " tag="042"><subfield code="a">msc</subfield></datafield><datafield ind1="0" ind2="4" tag="245"><subfield code="a">The Huntsville mercury.</subfield></datafield><datafield ind1=" " ind2=" " tag="260"><subfield code="a">Huntsville, Ala. :</subfield><subfield code="b">Mercury Pub. Co.,</subfield><subfield code="c">1915-</subfield></datafield><datafield ind1=" " ind2=" " tag="300"><subfield code="a">v.</subfield></datafield><datafield ind1=" " ind2=" " tag="310"><subfield code="a">Daily (except Sat.)</subfield></datafield><datafield ind1="0" ind2=" " tag="362"><subfield code="a">Vol. 31, no. 35 (Oct. 5, 1915)-</subfield></datafield><datafield ind1=" " ind2=" " tag="515"><subfield code="a">Numbering is irregular.</subfield></datafield><datafield ind1=" " ind2=" " tag="752"><subfield code="a">United States</subfield><subfield code="b">Alabama</subfield><subfield code="c">Madison</subfield><subfield code="d">Huntsville.</subfield></datafield><datafield ind1="0" ind2=" " tag="775"><subfield code="t">Huntsville weekly mercury (Huntsville, Ala.)</subfield><subfield code="w">(DLC)sn 88050158</subfield></datafield><datafield ind1="0" ind2="0" tag="780"><subfield code="t">Huntsville mercury-banner</subfield><subfield code="w">(DLC)sn 87050033</subfield></datafield><datafield ind1="0" ind2="0" tag="785"><subfield code="t">Huntsville telegram and mercury</subfield><subfield code="w">(DLC)sn 87050035</subfield></datafield></record>